<?xml version="1.0" encoding="UTF-8"?>
<record xmlns="http://www.loc.gov/MARC21/slim">
   <leader>01203cam a2200241 a 4500</leader>
   <controlfield tag="001">1784424</controlfield>
   <controlfield tag="003">NjP</controlfield>
   <controlfield tag="005">20170315172622.0</controlfield>
   <controlfield tag="008">980507q19901998ir            000 0 ara d</controlfield>
   <datafield tag="024" ind1="7" ind2=" ">
      <subfield code="a">princeton_aco004804</subfield>
      <subfield code="2">local</subfield>
   </datafield>
   <datafield ind1=" " ind2=" " tag="035">
      <subfield code="a">(CStRLIN)NJPG98-B29373</subfield>
   </datafield>
   <datafield ind1=" " ind2=" " tag="035">
      <subfield code="9">CFZ7493TS</subfield>
   </datafield>
   <datafield ind1=" " ind2=" " tag="040">
      <subfield code="a">NjP</subfield>
      <subfield code="c">NjP</subfield>
   </datafield>
   <datafield ind1="1" ind2=" " tag="041">
      <subfield code="a">ara</subfield>
      <subfield code="h">per</subfield>
   </datafield>
   <datafield ind1="1" ind2=" " tag="100">
      <subfield code="a">Vaḥīdī, Muḥammad.</subfield>
   </datafield>
   <datafield ind1="1" ind2="0" tag="240">
      <subfield code="a">Tuḥfat al-wulāh fī aḥkām al-qiṣāṣ wa-al-diyāt.</subfield>
      <subfield code="l">Arabic</subfield>
   </datafield>
   <datafield ind1="1" ind2="0" tag="245">
      <subfield code="a">Tuḥfat al-wulāh fī aḥkām al-qiṣāṣ wa-al-diyāt :</subfield>
      <subfield code="b">jāmiʻ lil-masāʾil al-ibtilāʾīyah fī al-qiṣāṣ wa-al-diyāt maʻa ishārah mukhtaṣirah ilá adillatihā li-ḥukkām al-sharʻ wa-mutaṣaddī al-umūr al-jināʾīyah /</subfield>
      <subfield code="c">taʾlīf Muḥammad al-Waḥīdī ; al-mutarjim al-Muʾassasat al-Islāmīyah lil-Tarjamah.</subfield>
   </datafield>
   <datafield ind1=" " ind2=" " tag="250">
      <subfield code="a">al-Ṭabʻah 1.</subfield>
   </datafield>
   <datafield ind1=" " ind2=" " tag="260">
      <subfield code="a">[Iran] :</subfield>
      <subfield code="b">Intishārāt al-Mujtamaʻ al-Dīnī wa-Ḥusaynīyah al-Qāʾim,</subfield>
      <subfield code="c">[199-]</subfield>
   </datafield>
   <datafield ind1=" " ind2=" " tag="300">
      <subfield code="a">2 v. ;</subfield>
      <subfield code="c">24 cm.</subfield>
   </datafield>
   <datafield ind1="0" ind2=" " tag="505">
      <subfield code="a">Juzʾ 1. al-Qiṣāṣ -- juzʾ 2. al-Diyāt.</subfield>
   </datafield>
   <datafield ind1=" " ind2="0" tag="650">
      <subfield code="a">Punishment (Islamic law)</subfield>
      <subfield code="0">http://id.loc.gov/authorities/subjects/sh85109118</subfield>
   </datafield>
   <datafield ind1=" " ind2=" " tag="998">
      <subfield code="a">05/07/98</subfield>
      <subfield code="s">9114</subfield>
      <subfield code="n">NjP</subfield>
      <subfield code="d">05/07/98</subfield>
      <subfield code="c">KC</subfield>
      <subfield code="b">KC</subfield>
      <subfield code="i">980507</subfield>
      <subfield code="l">NJPG</subfield>
   </datafield>
   <datafield ind1=" " ind2=" " tag="911">
      <subfield code="a">19980514</subfield>
   </datafield>
   <datafield ind1=" " ind2=" " tag="912">
      <subfield code="a">19980507000000.0</subfield>
   </datafield>
   <datafield ind1="8" ind2="1" tag="852">
      <subfield code="0">2048419</subfield>
      <subfield code="b">rcppa</subfield>
      <subfield code="t">1</subfield>
      <subfield code="h">KBL</subfield>
      <subfield code="i">.V33412 1990z</subfield>
      <subfield code="x">tr fr nec</subfield>
   </datafield>
   <datafield ind1=" " ind2="0" tag="866">
      <subfield code="0">2048419</subfield>
      <subfield code="8">0</subfield>
      <subfield code="a">al-Juzʼ 1-al-juzʼ 2</subfield>
   </datafield>
   <datafield ind1=" " ind2="0" tag="866">
      <subfield code="0">2048419</subfield>
      <subfield code="8">0</subfield>
      <subfield code="x">DESIGNATOR: al-Juzʼ</subfield>
   </datafield>
   <datafield ind1=" " ind2=" " tag="959">
      <subfield code="a">2000-06-13 00:00:00 -0500</subfield>
   </datafield>
</record>
